@article{blondel2008fast,
  title={Fast unfolding of communities in large networks},
  author={Blondel, Vincent D and Guillaume, Jean-Loup and Lambiotte, Renaud and Lefebvre, Etienne},
  journal={Journal of statistical mechanics: theory and experiment},
  volume={2008},
  number={10},
  pages={P10008},
  year={2008},
  publisher={IOP Publishing},
  note={\url{http://arxiv.org/pdf/0803.0476.pdf}}
}

@article{girvan2002community,
  title={Community structure in social and biological networks},
  author={Girvan, Michelle and Newman, Mark EJ},
  journal={Proceedings of the national academy of sciences},
  volume={99},
  number={12},
  pages={7821--7826},
  year={2002},
  publisher={National Acad Sciences},
  note={\url{http://arxiv.org/pdf/cond-mat/0112110.pdf}}
}

@article{milo2002network,
  title={Network motifs: simple building blocks of complex networks},
  author={Milo, Ron and Shen-Orr, Shai and Itzkovitz, Shalev and Kashtan, Nadav and Chklovskii, Dmitri and Alon, Uri},
  journal={Science},
  volume={298},
  number={5594},
  pages={824--827},
  year={2002},
  publisher={American Association for the Advancement of Science},
  note={\url{http://www.sns.ias.edu/~tlusty/courses/InfoInBio/Papers/AlonMotifs2002.pdf}}
}

@inproceedings{zhang2007expertise,
  title={Expertise networks in online communities: structure and algorithms},
  author={Zhang, Jun and Ackerman, Mark S and Adamic, Lada},
  booktitle={Proceedings of the 16th international conference on World Wide Web},
  pages={221--230},
  year={2007},
  organization={ACM},
  note={\url{http://www.wwwconference.org/www2007/papers/paper516.pdf}}
}
